@unpublished{mishra_deductive_2020,
	location = {Chicago, {IL}},
	title = {A deductive approach to modeling the spread of {COVID}-19},
	type = {Oral Presentation},
	howpublished = {Oral Presentation},
	author = {Mishra, Pranav Kumar and Mishra, Shekhar},
	date = {2020-06-27},
	keywords = {Oral-Presentation},
}